@misc{igem-hill-coefficients,
  author = {iGEM{\ }UNIPV{-}Pavia},
  title = "Mathematical modeling page",
  year = 2008,
  url = "\url{http://2008.igem.org/Team:UNIPV-Pavia/Modeling}",
  note = "[Online; accessed 3-March-2016]"
}
