@article{de2005modeling,
  title={Modeling and simulation of genetic regulatory networks by ordinary differential equations},
  author={De Jong, Hidde and Geiselmann, Johannes},
  journal={Genomic Signal Processing and Statistics. New York: Hindawi Publishing Corporation},
  year={2005},
  chapter={6},
  url={http://downloads.hindawi.com/books/9789775945075/9789774540615.pdf#page=205}
}
@article{von2000segment,
  title={The segment polarity network is a robust developmental module},
  author={Von Dassow, George and Meir, Eli and Munro, Edwin M and Odell, Garrett M},
  journal={Nature},
  volume={406},
  number={6792},
  pages={188--192},
  year={2000},
  publisher={Nature Publishing Group},
  url={http://www.nature.com/nature/journal/v406/n6792/pdf/406188a0.pdf}
}
@article{kitano2004biological,
  title={Biological robustness},
  author={Kitano, Hiroaki},
  journal={Nature Reviews Genetics},
  volume={5},
  number={11},
  pages={826--837},
  year={2004},
  publisher={Nature Publishing Group},
  url={http://www.nature.com/nrg/journal/v5/n11/pdf/nrg1471.pdf}
}
@article{kitano2007towards,
  title={Towards a theory of biological robustness},
  author={Kitano, Hiroaki},
  journal={Molecular systems biology},
  volume={3},
  number={1},
  pages={137},
  year={2007},
  publisher={EMBO Press},
  url={http://msb.embopress.org/content/msb/3/1/137.full.pdf}
}
@Comment not sure if we use this at all!
@misc{2008unipvpavia,
  author={iGEM UNIPV-Pavia},
  title={Mathematical modeling page},
  year={2008},
  url={http://2008.igem.org/Team:UNIPV-Pavia/Modeling#Our_model},
  urldate={2016-09-25}
}
